@article{Dirac1953888,
  title   = "The lorentz transformation and absolute time",
  journal = "Physica ",
  volume  = "19",
  number  = "1-–12",
  pages   = "888--896",
  year    = "1953",
  doi     = "10.1016/S0031-8914(53)80099-6",
  author  = "P.A.M. Dirac"
}

@article{Feynman1963118,
  title   = "The theory of a general quantum system interacting with a linear dissipative system",
  journal = "Annals of Physics ",
  volume  = "24",
  pages   = "118--173",
  year    = "1963",
  doi     = "10.1016/0003-4916(63)90068-X",
  author  = "R.P Feynman and F.L {Vernon Jr.}"
}

@article{tranos2020individual,
  title={Individual internet usage and the availability of online content of local interest: A multilevel approach},
  author={Tranos, Emmanouil and Stich, Christoph},
  journal={Computers, Environment and Urban Systems},
  volume={79},
  pages={101371},
  year={2020},
  publisher={Elsevier}
}

@article{tranos2020digital,
  title={Digital economy in the UK: Regional productivity effects of early adoption},
  author={Tranos, Emmanouil and Kitsos, Tasos and Ortega-Argilés, Raquel},
  journal={Regional Studies},
  volume={in press},
  year={2021},
}

@article{tranos2020hyperlinks,
  title={Material and immaterial regional interdependencies: using the web to predict regional trade flows},
  author={Tranos, Emmanouil and Carrascal-Incera, Andre and Willis, George},
  journal={ERSA Conference},
  year={2020},
}

@article{breiman2001random,
  title={Random forests},
  author={Breiman, Leo},
  journal={Machine learning},
  volume={45},
  number={1},
  pages={5--32},
  year={2001},
  publisher={Springer}
}

@inproceedings{Caruana2008,
author = {Caruana, Rich and Karampatziakis, Nikos and Yessenalina, Ainur},
title = {An Empirical Evaluation of Supervised Learning in High Dimensions},
year = {2008},
isbn = {9781605582054},
publisher = {Association for Computing Machinery},
address = {New York, NY, USA},
url = {https://doi.org/10.1145/1390156.1390169},
doi = {10.1145/1390156.1390169},
booktitle = {Proceedings of the 25th International Conference on Machine Learning},
pages = {96–103},
numpages = {8},
location = {Helsinki, Finland},
series = {ICML ’08}
}

@article{liaw2002classification,
  title={Classification and regression by randomForest},
  author={Liaw, Andy and Wiener, Matthew and others},
  journal={R news},
  volume={2},
  number={3},
  pages={18--22},
  year={2002}
}

@article{yan2020using,
  title={Using machine learning for direct demand modeling of ridesourcing services in Chicago},
  author={Yan, Xiang and Liu, Xinyu and Zhao, Xilei},
  journal={Journal of Transport Geography},
  volume={83},
  pages={102661},
  year={2020},
  publisher={Elsevier}
}

@article{cheng2019applying,
  title={Applying a random forest method approach to model travel mode choice behavior},
  author={Cheng, Long and Chen, Xuewu and De Vos, Jonas and Lai, Xinjun and Witlox, Frank},
  journal={Travel behaviour and society},
  volume={14},
  pages={1--10},
  year={2019},
  publisher={Elsevier}
}

@article{RobinsonPlosONE,
    author = {Robinson, Caleb AND Dilkina, Bistra AND Moreno-Cruz, Juan},
    journal = {PLOS ONE},
    publisher = {Public Library of Science},
    title = {Modeling migration patterns in the USA under sea level rise},
    year = {2020},
    month = {01},
    volume = {15},
    url = {https://doi.org/10.1371/journal.pone.0227436},
    pages = {1-15},
    abstract = {Sea level rise in the United States will lead to large scale migration in the future. We propose a framework to examine future climate migration patterns using models of human migration. Our framework requires that we distinguish between historical versus climate driven migration and recognizes how the impacts of climate change can extend beyond the affected area. We apply our framework to simulate how migration, driven by sea level rise, differs from baseline migration patterns. Specifically, we couple a sea level rise model with a data-driven model of human migration and future population projections, creating a generalized joint model of climate driven migration that can be used to simulate population distributions under potential future sea level rise scenarios. The results of our case study suggest that the effects of sea level rise are pervasive, expanding beyond coastal areas via increased migration, and disproportionately affecting some areas of the United States.},
    number = {1},
    doi = {10.1371/journal.pone.0227436}
}

@article{pourebrahim2019trip,
  title={Trip distribution modeling with Twitter data},
  author={Pourebrahim, Nastaran and Sultana, Selima and Niakanlahiji, Amirreza and Thill, Jean-Claude},
  journal={Computers, Environment and Urban Systems},
  volume={77},
  pages={101354},
  year={2019},
  publisher={Elsevier}
}

@article{lima2020predicting,
  title={Predicting and explaining corruption across countries: A machine learning approach},
  author={Lima, Marcio Salles Melo and Delen, Dursun},
  journal={Government Information Quarterly},
  volume={37},
  number={1},
  pages={101407},
  year={2020},
  publisher={Elsevier}
}

@inproceedings{robinson2018machine,
  title={A machine learning approach to modeling human migration},
  author={Robinson, Caleb and Dilkina, Bistra},
  booktitle={Proceedings of the 1st ACM SIGCAS Conference on Computing and Sustainable Societies},
  pages={1--8},
  year={2018}
}

@article{biau2012analysis,
  title={Analysis of a random forests model},
  author={Biau, G{\~A}{\v{S}}rard},
  journal={Journal of Machine Learning Research},
  volume={13},
  number={Apr},
  pages={1063--1095},
  year={2012}
}

@article{last2002improving,
  title={Improving stability of decision trees},
  author={Last, Mark and Maimon, Oded and Minkov, Einat},
  journal={International Journal of Pattern Recognition and Artificial Intelligence},
  volume={16},
  number={02},
  pages={145--159},
  year={2002},
  publisher={World Scientific}
}

@article{kuhn2008building,
  title={Building predictive models in R using the caret package},
  author={Kuhn, Max and others},
  journal={Journal of statistical software},
  volume={28},
  number={5},
  pages={1--26},
  year={2008}
}

@inproceedings{chen2016xgboost,
  title={Xgboost: A scalable tree boosting system},
  author={Chen, Tianqi and Guestrin, Carlos},
  booktitle={Proceedings of the 22nd acm sigkdd international conference on knowledge discovery and data mining},
  pages={785--794},
  year={2016}
}

@article{sulaiman2011intelligent,
  title={Intelligent web caching using machine learning methods},
  author={Sulaiman, Sarina and Shamsuddin, Siti Mariyam and Abraham, Ajith and Sulaiman, Shahida},
  journal={Neural Network World},
  volume={21},
  number={5},
  pages={429},
  year={2011},
  publisher={Institute of Computer Science}
}

@article{pontius2008components,
  title={Components of information for multiple resolution comparison between maps that share a real variable},
  author={Pontius, Robert Gilmore and Thontteh, Olufunmilayo and Chen, Hao},
  journal={Environmental and Ecological Statistics},
  volume={15},
  number={2},
  pages={111--142},
  year={2008},
  publisher={Springer}
}

@inproceedings{mason2000boosting,
  title={Boosting algorithms as gradient descent},
  author={Mason, Llew and Baxter, Jonathan and Bartlett, Peter L and Frean, Marcus R},
  booktitle={Advances in neural information processing systems},
  pages={512--518},
  year={2000}
}

@article{mullainathan2017machine,
  title={Machine learning: an applied econometric approach},
  author={Mullainathan, Sendhil and Spiess, Jann},
  journal={Journal of Economic Perspectives},
  volume={31},
  number={2},
  pages={87--106},
  year={2017}
}

@article{athey2019machine,
  title={Machine learning methods that economists should know about},
  author={Athey, Susan and Imbens, Guido W},
  journal={Annual Review of Economics},
  volume={11},
  pages={685--725},
  year={2019},
  publisher={Annual Reviews}
}

@article{kleinberg2015prediction,
  title={Prediction policy problems},
  author={Kleinberg, Jon and Ludwig, Jens and Mullainathan, Sendhil and Obermeyer, Ziad},
  journal={American Economic Review},
  volume={105},
  number={5},
  pages={491--95},
  year={2015}
}

@article{scheuer2018combining,
  title={Combining tacit knowledge elicitation with the SilverKnETs tool and random forests--The example of residential housing choices in Leipzig},
  author={Scheuer, Sebastian and Haase, Dagmar and Kabisch, Nadja and Wolff, Manuel and Haase, Dagmar and Haase, Annegret and Kabisch, Nadja and Wolff, Manuel and Schwarz, Nina and Gro{\ss}mann, Katrin},
  journal={Environment and Planning B: Urban Analytics and City Science},
  pages={2399808318777500},
  year={2018},
  publisher={SAGE Publications Sage UK: London, England}
}

@article{tribby2017analyzing,
  title={Analyzing walking route choice through built environments using random forests and discrete choice techniques},
  author={Tribby, Calvin P and Miller, Harvey J and Brown, Barbara B and Werner, Carol M and Smith, Ken R},
  journal={Environment and Planning B: Urban Analytics and City Science},
  volume={44},
  number={6},
  pages={1145--1167},
  year={2017},
  publisher={SAGE Publications Sage UK: London, England}
}

@article{sinha2019assessing,
  title={Assessing the spatial sensitivity of a random forest model: Application in gridded population modeling},
  author={Sinha, Parmanand and Gaughan, Andrea E and Stevens, Forrest R and Nieves, Jeremiah J and Sorichetta, Alessandro and Tatem, Andrew J},
  journal={Computers, Environment and Urban Systems},
  volume={75},
  pages={132--145},
  year={2019},
  publisher={Elsevier}
}

@article{stevens2015disaggregating,
  title={Disaggregating census data for population mapping using random forests with remotely-sensed and ancillary data},
  author={Stevens, Forrest R and Gaughan, Andrea E and Linard, Catherine and Tatem, Andrew J},
  journal={PloS one},
  volume={10},
  number={2},
  year={2015},
  publisher={Public Library of Science}
}

@article{guns2014recommending,
  title={Recommending research collaborations using link prediction and random forest classifiers},
  author={Guns, Raf and Rousseau, Ronald},
  journal={Scientometrics},
  volume={101},
  number={2},
  pages={1461--1473},
  year={2014},
  publisher={Springer}
}

@article{ren2019predicting,
  title={Predicting socio-economic levels of urban regions via offline and online indicators},
  author={Ren, Yi and Xia, Tong and Li, Yong and Chen, Xiang},
  journal={PloS one},
  volume={14},
  number={7},
  year={2019},
  publisher={Public Library of Science}
}

@article{wang2017structure,
  title={Structure of 311 service requests as a signature of urban location},
  author={Wang, Lingjing and Qian, Cheng and Kats, Philipp and Kontokosta, Constantine and Sobolevsky, Stanislav},
  journal={PloS one},
  volume={12},
  number={10},
  year={2017},
  publisher={Public Library of Science}
}

@article{helmond2018historiography,
  title={A historiography of the hyperlink: Periodizing the web through the changing role of the hyperlink},
  author={Helmond, Anne},
  journal={The SAGE Handbook of Web History. London: Sage},
  pages={227--241},
  year={2018}
}

@article{kruger2020digital,
  title={The digital layer: How innovative firms relate on the web},
  author={Kr{\"u}ger, Miriam and Kinne, Jan and Lenz, David and Resch, Bernd},
  journal={ZEW-Centre for European Economic Research Discussion Paper},
  number={20-003},
  year={2020}
}

@article{meijers2019using,
  title={Using toponym co-occurrences to measure relationships between places: review, application and evaluation},
  author={Meijers, Evert and Peris, Antoine},
  journal={International Journal of Urban Sciences},
  volume={23},
  number={2},
  pages={246--268},
  year={2019},
  publisher={Taylor \& Francis}
}

@article{peris2020one,
  title={One century of information diffusion in the Netherlands derived from a massive digital archive of historical newspapers: the DIGGER dataset},
  author={Peris, Antoine and Faber, Willem Jan and Meijers, Evert and van Ham, Maarten},
  journal={Cybergeo},
  year={2020}
}

@article{kessler2017extracting,
  title={Extracting central places from the link structure in Wikipedia},
  author={Ke{\ss}ler, Carsten},
  journal={Transactions in GIS},
  volume={21},
  number={3},
  pages={488--502},
  year={2017},
  publisher={Wiley Online Library}
}

@article{devriendt2008cyberplace,
  title={Cyberplace and cyberspace: two approaches to analyzing digital intercity linkages},
  author={Devriendt, Lomme and Derudder, Ben and Witlox, Frank},
  journal={Journal of Urban Technology},
  volume={15},
  number={2},
  pages={5--32},
  year={2008},
  publisher={Taylor \& Francis}
}

@article{janc2015visibility,
  title={Visibility and connections among cities in digital space},
  author={Janc, Krzysztof},
  journal={Journal of Urban Technology},
  volume={22},
  number={4},
  pages={3--21},
  year={2015},
  publisher={Taylor \& Francis}
}

@article{janc2015geography,
  title={Geography of hyperlinks—Spatial dimensions of local government websites},
  author={Janc, Krzysztof},
  journal={European Planning Studies},
  volume={23},
  number={5},
  pages={1019--1037},
  year={2015},
  publisher={Taylor \& Francis}
}

@article{lin2007blog,
  title={The blog network in America: blogs as indicators of relationships among US cities},
  author={Lin, Jia and Halavais, Alexander and Zhang, Bin},
  journal={Connections},
  volume={27},
  number={2},
  pages={15--23},
  year={2007}
}

@article{jones2010blog,
  title={Blog links as pipelines to buzz elsewhere: the case of New York theater blogs},
  author={Jones, Brant W and Spigel, Ben and Malecki, Edward J},
  journal={Environment and Planning B: Planning and Design},
  volume={37},
  number={1},
  pages={99--111},
  year={2010},
  publisher={SAGE Publications Sage UK: London, England}
}

@article{halavais2000national,
  title={National borders on the world wide web},
  author={Halavais, Alexander},
  journal={New Media \& Society},
  volume={2},
  number={1},
  pages={7--28},
  year={2000},
  publisher={Sage Publications}
}

@article{salvini2016spatialization,
  title={Spatialization of user-generated content to uncover the multirelational world city network},
  author={Salvini, Marco M and Fabrikant, Sara I},
  journal={Environment and Planning B: Planning and Design},
  volume={43},
  number={1},
  pages={228--248},
  year={2016},
  publisher={SAGE Publications Sage UK: London, England}
}

@article{thelwall2002top,
  title={The top 100 linked-to pages on UK university web sites: high inlink counts are not usually associated with quality scholarly content},
  author={Thelwall, Mike},
  journal={Journal of information science},
  volume={28},
  number={6},
  pages={483--491},
  year={2002},
  publisher={Sage Publications Sage CA: Thousand Oaks, CA}
}

@article{thelwall2002evidence,
  title={Evidence for the existence of geographic trends in university web site interlinking},
  author={Thelwall, Mike},
  journal={Journal of Documentation},
  year={2002},
  publisher={MCB UP Ltd}
}

@article{ortega2008linking,
  title={Linking patterns in European Union countries: geographical maps of the European academic web space},
  author={Ortega, Jos{\'e} Luis and Aguillo, Isidro F},
  journal={Journal of Information Science},
  volume={34},
  number={5},
  pages={705--714},
  year={2008},
  publisher={Sage Publications Sage UK: London, England}
}

@article{ortega2008visualization,
  title={Visualization of the Nordic academic web: Link analysis using social network tools},
  author={Ortega, Jos{\'e} Luis and Aguillo, Isidro F},
  journal={Information Processing \& Management},
  volume={44},
  number={4},
  pages={1624--1633},
  year={2008},
  publisher={Elsevier}
}

@article{ortega2009mapping,
  title={Mapping world-class universities on the web},
  author={Ortega, Jose Luis and Aguillo, Isidro F},
  journal={Information Processing \& Management},
  volume={45},
  number={2},
  pages={272--279},
  year={2009},
  publisher={Elsevier}
}

@inproceedings{hale2014mapping,
  title={Mapping the UK webspace: Fifteen years of british universities on the web},
  author={Hale, Scott A and Yasseri, Taha and Cowls, Josh and Meyer, Eric T and Schroeder, Ralph and Margetts, Helen},
  booktitle={Proceedings of the 2014 ACM conference on Web science},
  pages={62--70},
  year={2014}
}

@article{holmberg2009local,
  title={Local government web sites in Finland: A geographic and webometric analysis},
  author={Holmberg, Kim and Thelwall, Mike},
  journal={Scientometrics},
  volume={79},
  number={1},
  pages={157--169},
  year={2009},
  publisher={Springer}
}

@article{holmberg2010co,
  title={Co-inlinking to a municipal Web space: a webometric and content analysis},
  author={Holmberg, Kim},
  journal={Scientometrics},
  volume={83},
  number={3},
  pages={851--862},
  year={2010},
  publisher={Akad{\'e}miai Kiad{\'o}, co-published with Springer Science+ Business Media BV~…}
}

@article{vaughan2006hyperlinks,
  title={Why are hyperlinks to business Websites created? A content analysis},
  author={Vaughan, Liwen and Gao, Yijun and Kipp, Margaret},
  journal={Scientometrics},
  volume={67},
  number={2},
  pages={291--300},
  year={2006},
  publisher={Springer}
}

@article{vaughan2004exploring,
  title={Exploring website features for business information},
  author={Vaughan, Liwen},
  journal={Scientometrics},
  volume={61},
  number={3},
  pages={467--477},
  year={2004},
  publisher={Akad{\'e}miai Kiad{\'o}, co-published with Springer Science+ Business Media BV~…}
}

@article{vaughan2004links,
  title={Links to commercial websites as a source of business information},
  author={Vaughan, Liwen and Wu, Guozhu},
  journal={Scientometrics},
  volume={60},
  number={3},
  pages={487--496},
  year={2004},
  publisher={Akad{\'e}miai Kiad{\'o}, co-published with Springer Science+ Business Media BV~…}
}

@article{arora2013entry,
  title={Entry strategies in an emerging technology: a pilot web-based study of graphene firms},
  author={Arora, Sanjay K and Youtie, Jan and Shapira, Philip and Gao, Lidan and Ma, TingTing},
  journal={Scientometrics},
  volume={95},
  number={3},
  pages={1189--1207},
  year={2013},
  publisher={Springer}
}

@article{rabari_storper2014,
    author = {Rabari, Chirag and Storper, Michael},
    title = "{The digital skin of cities: urban theory and research in the age of the sensored and metered city, ubiquitous computing and big data}",
    journal = {Cambridge Journal of Regions, Economy and Society},
    volume = {8},
    number = {1},
    pages = {27-42},
    year = {2014},
    month = {10},
    doi = {10.1093/cjres/rsu021},
}

@article{anderson2003gravity,
  title={Gravity with gravitas: A solution to the border puzzle},
  author={Anderson, James E and Van Wincoop, Eric},
  journal={American economic review},
  volume={93},
  number={1},
  pages={170--192},
  year={2003}
}

@techreport{antras2018measurement,
  title={On the measurement of upstreamness and downstreamness in global value chains},
  author={Antras, Pol and Chor, Davin},
  year={2018},
  institution={National Bureau of Economic Research}
}

@article{arto2014comparing,
  title={Comparing the GTAP-MRIO and WIOD databases for carbon footprint analysis},
  author={Arto, I{\~n}aki and Rueda-Cantuche, Jos{\'e} M and Peters, Glen P},
  journal={Economic Systems Research},
  volume={26},
  number={3},
  pages={327--353},
  year={2014},
  publisher={Taylor \& Francis}
}

@article{barca2009agenda,
  title={An Agenda for a Reformed Cohesion Policy-Independent Report},
  author={Barca, Fabrizio},
  journal={European Commission, Brussels},
  year={2009}
}

@article{boero2018regional,
  title={Regional input--output tables and trade flows: an integrated and interregional non-survey approach},
  author={Boero, Riccardo and Edwards, Brian K and Rivera, Michael K},
  journal={Regional Studies},
  volume={52},
  number={2},
  pages={225--238},
  year={2018},
  publisher={Routledge}
}

@article{chen2018continental,
  title={The continental divide? Economic exposure to Brexit in regions and countries on both sides of The Channel},
  author={Chen, Wen and Los, Bart and McCann, Philip and Ortega-Argil{\'e}s, Raquel and Thissen, Mark and van Oort, Frank},
  journal={Papers in Regional Science},
  volume={97},
  number={1},
  pages={25--54},
  year={2018},
  publisher={Wiley Online Library}
}

@phdthesis{chung2011geography,
  title={The geography of global internet hyperlink networks and cultural content analysis},
  author={Chung, Joo},
  year={2011},
  school={Dissertation, University at Buffalo}
}

@article{dietzenbacher2013construction,
  title={The construction of world input--output tables in the WIOD project},
  author={Dietzenbacher, Erik and Los, Bart and Stehrer, Robert and Timmer, Marcel and De Vries, Gaaitzen},
  journal={Economic Systems Research},
  volume={25},
  number={1},
  pages={71--98},
  year={2013},
  publisher={Taylor \& Francis}
}

@article{egger2002econometric,
  title={An econometric view on the estimation of gravity models and the calculation of trade potentials},
  author={Egger, Peter},
  journal={World Economy},
  volume={25},
  number={2},
  pages={297--312},
  year={2002},
  publisher={Wiley Online Library}
}

@techreport{feenstra2005world,
  title={World trade flows: 1962-2000},
  author={Feenstra, Robert C and Lipsey, Robert E and Deng, Haiyan and Ma, Alyson C and Mo, Hengyong},
  year={2005},
  institution={National Bureau of Economic Research}
}

@article{gomez2013comparing,
  title={Comparing alternative methods to estimate gravity models of bilateral trade},
  author={G{\'o}mez-Herrera, Estrella},
  journal={Empirical economics},
  volume={44},
  number={3},
  pages={1087--1111},
  year={2013},
  publisher={Springer}
}

@article{isard1956location,
  title={Location and space-economy},
  author={Isard, Walter},
  year={1956}
}

@article{head2009remote,
  title={How remote is the offshoring threat?},
  author={Head, Keith and Mayer, Thierry and Ries, John},
  journal={European Economic Review},
  volume={53},
  number={4},
  pages={429--444},
  year={2009},
  publisher={Elsevier}
}

@article{hellmanzik2016gravity,
  title={Gravity and international services trade: the impact of virtual proximity},
  author={Hellmanzik, Christiane and Schmitz, Martin},
  journal={Eur. Econ. Rev},
  volume={77},
  pages={82--101},
  year={2016}
}

@article{hellmanzik2017taking,
  title={Taking gravity online: The role of virtual proximity in international finance},
  author={Hellmanzik, Christiane and Schmitz, Martin},
  journal={Journal of International Money and Finance},
  volume={77},
  pages={164--179},
  year={2017},
  publisher={Elsevier}
}

@techreport{ivanova2019regional,
  title={Regional Trade Flows and Input Output Data for Europe},
  author={Ivanova, Olga and Kancs, d'Artis and Thissen, Mark},
  year={2019},
  institution={EERI Research Paper Series}
}

@article{kimura2006gravity,
  title={The gravity equation in international trade in services},
  author={Kimura, Fukunari and Lee, Hyun-Hoon},
  journal={Review of world economics},
  volume={142},
  number={1},
  pages={92--121},
  year={2006},
  publisher={Springer}
}

@article{kitsos2019role,
  title={The role of embeddedness on regional economic resilience: Evidence from the UK},
  author={Kitsos, Anastasios and Carrascal-Incera, Andr{\'e} and Ortega-Argil{\'e}s, Raquel},
  journal={Sustainability},
  volume={11},
  number={14},
  pages={3800},
  year={2019},
  publisher={Multidisciplinary Digital Publishing Institute}
}

@article{leamer1r,
  title={Quantitative International Economics},
  author={Leamer, E. and Stern, R.},
  journal={Journal of International Economics},
  volume={1},
  pages={359--361},
  year={1971},
}

@book{linnemann1966econometric,
  title={An econometric study of international trade flows},
  author={Linnemann, Hans},
  number={42},
  year={1966},
  publisher={North-Holland Pub. Co.}
}

@techreport{ijtsma2020uk,
  title={UK Regions in Global Value Chains},
  author={Ijtsma, Pieter and Los, Bart and others},
  year={2020},
  institution={Economic Statistics Centre of Excellence (ESCoE)}
}

@article{los2017mismatch,
  title={The mismatch between local voting and the local economic consequences of Brexit},
  author={Los, Bart and McCann, Philip and Springford, John and Thissen, Mark},
  journal={Regional Studies},
  volume={51},
  number={5},
  pages={786--799},
  year={2017},
  publisher={Taylor \& Francis}
}

@article{los2015global,
  title={How global are global value chains? A new approach to measure international fragmentation},
  author={Los, Bart and Timmer, Marcel P and de Vries, Gaaitzen J},
  journal={Journal of regional science},
  volume={55},
  number={1},
  pages={66--92},
  year={2015},
  publisher={Wiley Online Library}
}

@article{los2016tracing,
  title={Tracing value-added and double counting in gross exports: comment},
  author={Los, Bart and Timmer, Marcel P and de Vries, Gaaitzen J},
  journal={American Economic Review},
  volume={106},
  number={7},
  pages={1958--66},
  year={2016}
}

@article{martin2004financial,
  title={Financial super-markets: size matters for asset trade},
  author={Martin, Philippe and Rey, Helene},
  journal={Journal of international Economics},
  volume={64},
  number={2},
  pages={335--361},
  year={2004},
  publisher={Elsevier}
}

@article{mccann2015smart,
  title={Smart specialization, regional growth and applications to European Union cohesion policy},
  author={McCann, Philip and Ortega-Argil{\'e}s, Raquel},
  journal={Regional studies},
  volume={49},
  number={8},
  pages={1291--1302},
  year={2015},
  publisher={Taylor \& Francis}
}

@article{okawa2012gravity,
  title={Gravity in international finance},
  author={Okawa, Yohei and Van Wincoop, Eric},
  journal={Journal of international Economics},
  volume={87},
  number={2},
  pages={205--215},
  year={2012},
  publisher={Elsevier}
}

@article{owen2016explaining,
  title={Explaining value chain differences in MRIO databases through structural path decomposition},
  author={Owen, Anne and Wood, Richard and Barrett, John and Evans, Andrew},
  journal={Economic Systems Research},
  volume={28},
  number={2},
  pages={243--272},
  year={2016},
  publisher={Taylor \& Francis}
}

@article{sargento2012inter,
  title={Inter-regional trade flow estimation through non-survey models: An empirical assessment},
  author={Sargento, Ana LM and Ramos, Pedro Nogueira and Hewings, Geoffrey JD},
  journal={Economic Systems Research},
  volume={24},
  number={2},
  pages={173--193},
  year={2012},
  publisher={Taylor \& Francis}
}

@article{thissen2013european,
  title={European regional trade flows: An update for 2000--2010},
  author={Thissen, M and Diodato, D and Van Oort, F},
  journal={PBL Netherlands Environmental Assessment Agency, The Hague},
  year={2013}
}

@article{thissen2013integrated,
  title={Integrated regional Europe: European regional trade flows in 2000},
  author={Thissen, M and Diodato, D and Van Oort, F},
  journal={PBL Netherlands Environmental Assessment Agency, The Hague},
  year={2013}
}

@article{thissen2018euregio,
  title={EUREGIO: The construction of a global IO DATABASE with regional detail for Europe for 2000--2010},
  author={Thissen, Mark and Lankhuizen, Maureen and van Oort, Frank and Los, Bart and Diodato, Dario},
  year={2018},
  publisher={Tinbergen Institute Discussion Paper 2018-084/VI}
}

@article{thissen2016competitive,
  title={Competitive network positions in trade and structural economic growth: A geographically weighted regression analysis for European regions},
  author={Thissen, Mark and de Graaff, Thomas and van Oort, Frank},
  journal={Papers in Regional Science},
  volume={95},
  number={1},
  pages={159--180},
  year={2016},
  publisher={Wiley Online Library}
}

@article{timmer2015illustrated,
  title={An illustrated user guide to the world input--output database: the case of global automotive production},
  author={Timmer, Marcel P and Dietzenbacher, Erik and Los, Bart and Stehrer, Robert and De Vries, Gaaitzen J},
  journal={Review of International Economics},
  volume={23},
  number={3},
  pages={575--605},
  year={2015},
  publisher={Wiley Online Library}
}

@article{tinbergen1962shaping,
  title={Shaping the World Economy The Twentieth Century Fund},
  author={Tinbergen, Jan},
  journal={New York},
  volume={330},
  year={1962}
}

@article{tobben2015construction,
  title={Construction of multi-regional input--output tables using the CHARM method},
  author={T{\"o}bben, Johannes and Kronenberg, Tobias Heinrich},
  journal={Economic systems research},
  volume={27},
  number={4},
  pages={487--507},
  year={2015},
  publisher={Taylor \& Francis}
}

@article{wilting2020subnational,
  title={Subnational greenhouse gas and land-based biodiversity footprints in the European Union},
  author={Wilting, Harry C and Schipper, Aafke M and Ivanova, Olga and Ivanova, Diana and Huijbregts, Mark AJ},
  journal={Journal of Industrial Ecology},
  year={2020},
  publisher={Wiley Online Library}
}

@article{simini2012universal,
  title={A universal model for mobility and migration patterns},
  author={Simini, Filippo and Gonz{\'a}lez, Marta C and Maritan, Amos and Barab{\'a}si, Albert-L{\'a}szl{\'o}},
  journal={Nature},
  volume={484},
  number={7392},
  pages={96--100},
  year={2012},
  publisher={Nature Publishing Group}
}

@article{thelwall_webometrics,
author = {Thelwall, Mike and Vaughan, Liwen and Björneborn, Lennart},
title = {Webometrics},
journal = {Annual Review of Information Science and Technology},
volume = {39},
number = {1},
pages = {81-135},
doi = {https://doi.org/10.1002/aris.1440390110},
url = {https://asistdl.onlinelibrary.wiley.com/doi/abs/10.1002/aris.1440390110},
eprint = {https://asistdl.onlinelibrary.wiley.com/doi/pdf/10.1002/aris.1440390110},
year = {2005}
}

@article{topology_trade,
  title = {Topology of the world trade web},
  author = {Serrano, Ma \'Angeles and Bogu\~n\'a, Mari\'an},
  journal = {Phys. Rev. E},
  volume = {68},
  issue = {1},
  pages = {015101},
  numpages = {4},
  year = {2003},
  month = {Jul},
  publisher = {American Physical Society},
  doi = {10.1103/PhysRevE.68.015101},
  url = {https://link.aps.org/doi/10.1103/PhysRevE.68.015101}
}

@article{de2017competing,
  title={Competing-destinations gravity model applied to trade in intermediate goods},
  author={de Mello-Sampayo, Felipa},
  journal={Applied Economics Letters},
  volume={24},
  number={19},
  pages={1378--1384},
  year={2017},
  publisher={Taylor \& Francis}
}

@article{de2017testing,
  title={Testing competing destinations gravity models--evidence from BRIC International},
  author={De Mello-Sampayo, Felipa},
  journal={The Journal of International Trade \& Economic Development},
  volume={26},
  number={3},
  pages={277--294},
  year={2017},
  publisher={Taylor \& Francis}
}

@article{chun2012modeling,
  title={Modeling interregional commodity flows with incorporating network autocorrelation in spatial interaction models: An application of the US interstate commodity flows},
  author={Chun, Yongwan and Kim, Hyun and Kim, Changjoo},
  journal={Computers, Environment and Urban Systems},
  volume={36},
  number={6},
  pages={583--591},
  year={2012},
  publisher={Elsevier}
}

@article{paul2008incorporating,
  title={Incorporating transportation network structure in spatial econometric models of commodity flows},
  author={Paul Lesage, James and Polasek, Wolfgang},
  journal={Spatial Economic Analysis},
  volume={3},
  number={2},
  pages={225--245},
  year={2008},
  publisher={Taylor \& Francis Group}
}

@article{oshan2020spatial,
  title={The spatial structure debate in spatial interaction modeling: 50 years on},
  author={Oshan, Taylor M},
  journal={Progress in Human Geography},
  pages={0309132520968134},
  year={2020},
  publisher={SAGE Publications Sage UK: London, England}
}

@article{singleton2021geographic,
  title={Geographic data science},
  author={Singleton, Alex and Arribas-Bel, Daniel},
  journal={Geographical Analysis},
  volume={53},
  number={1},
  pages={61--75},
  year={2021},
  publisher={Wiley Online Library}
}

@article{lazer2009social,
  title={Social science. Computational social science.},
  author={Lazer, David and Pentland, Alex and Adamic, Lada and Aral, Sinan and Barabasi, Albert-Laszlo and Brewer, Devon and Christakis, Nicholas and Contractor, Noshir and Fowler, James and Gutmann, Myron and others},
  journal={Science (New York, NY)},
  volume={323},
  number={5915},
  pages={721--723},
  year={2009}
}

@article{creditspatial,
  title={Spatial Models or Random Forest? Evaluating the Use of Spatially Explicit Machine Learning Methods to Predict Employment Density around New Transit Stations in Los Angeles},
  author={Credit, Kevin},
  journal={Geographical Analysis},
  publisher={Wiley Online Library}
}

@article{ukwebarchive,
  title={JISC UK Web Domain Dataset (1996-2013)},
  author={JISC and the Internet Archive},
  journal={The British Library},
  doi={https://doi.org/10.5259/ukwa.ds.2/1},
}
